{
  "leader": "02069cai  22005531  4500",
  "fields": [
    {
      "001": "ocm14671434\\"
    },
    {
      "003": "OCoLC"
    },
    {
      "005": "20211129094221.0"
    },
    {
      "008": "810725c19549999mauuu\\l\\\\\\\\\\\\\\0\\\\\\\\2eng\\\\"
    },
    {
      "010": {
        "ind1": "\\",
        "ind2": "\\",
        "subfields": [
          {
            "z": "   52012251 "
          }
        ]
      }
    },
    {
      "040": {
        "ind1": "\\",
        "ind2": "\\",
        "subfields": [
          {
            "a": "NLM"
          },
          {
            "b": "eng"
          },
          {
            "c": "NLM"
          },
          {
            "d": "MCL"
          },
          {
            "d": "SER"
          },
          {
            "d": "UKM"
          },
          {
            "d": "CGC"
          },
          {
            "d": "DRB"
          },
          {
            "d": "OCLCF"
          },
          {
            "d": "CASUM"
          },
          {
            "d": "Z5G"
          },
          {
            "d": "OCLCQ"
          },
          {
            "d": "OCLCO"
          },
          {
            "d": "NLM"
          },
          {
            "d": "OCLCO"
          },
          {
            "d": "OCLCA"
          },
          {
            "d": "EYM"
          }
        ]
      }
    },
    {
      "016": {
        "ind1": "7",
        "ind2": "\\",
        "subfields": [
          {
            "a": "12111030R"
          },
          {
            "2": "DNLM"
          }
        ]
      }
    },
    {
      "019": {
        "ind1": "\\",
        "ind2": "\\",
        "subfields": [
          {
            "a": "1166429"
          },
          {
            "a": "220020327"
          },
          {
            "a": "496561632"
          },
          {
            "a": "978078224"
          }
        ]
      }
    },
    {
      "035": {
        "ind1": "\\",
        "ind2": "\\",
        "subfields": [
          {
            "a": "(OCoLC)14671434"
          },
          {
            "z": "(OCoLC)1166429"
          },
          {
            "z": "(OCoLC)220020327"
          },
          {
            "z": "(OCoLC)496561632"
          },
          {
            "z": "(OCoLC)978078224"
          }
        ]
      }
    },
    {
      "050": {
        "ind1": "1",
        "ind2": "4",
        "subfields": [
          {
            "a": "RB43"
          },
          {
            "b": ".P3"
          }
        ]
      }
    },
    {
      "055": {
        "ind1": "\\",
        "ind2": "3",
        "subfields": [
          {
            "a": "RB 43"
          },
          {
            "b": "P212"
          }
        ]
      }
    },
    {
      "060": {
        "ind1": "0",
        "ind2": "0",
        "subfields": [
          {
            "a": "QY 17"
          },
          {
            "b": "P213a"
          }
        ]
      }
    },
    {
      "082": {
        "ind1": "0",
        "ind2": "4",
        "subfields": [
          {
            "a": "616.9940757"
          },
          {
            "b": "PAP"
          }
        ]
      }
    },
    {
      "100": {
        "ind1": "1",
        "ind2": "\\",
        "subfields": [
          {
            "a": "Papanicolaou, George N.,"
          },
          {
            "d": "1883-1962."
          }
        ]
      }
    },
    {
      "245": {
        "ind1": "1",
        "ind2": "0",
        "subfields": [
          {
            "a": "Atlas of exfoliative cytology /"
          },
          {
            "c": "George N. Papanicolaou, M.D., Ph.D."
          }
        ]
      }
    },
    {
      "260": {
        "ind1": "\\",
        "ind2": "\\",
        "subfields": [
          {
            "a": "Cambridge, Mass. :"
          },
          {
            "b": "Harvard Univ. Press,"
          },
          {
            "c": "1954-"
          }
        ]
      }
    },
    {
      "300": {
        "ind1": "\\",
        "ind2": "\\",
        "subfields": [
          {
            "a": "1 volume (loose-leaf) :"
          },
          {
            "b": "illustrations ;"
          },
          {
            "c": "28 cm"
          }
        ]
      }
    },
    {
      "336": {
        "ind1": "\\",
        "ind2": "\\",
        "subfields": [
          {
            "a": "text"
          },
          {
            "b": "txt"
          },
          {
            "2": "rdacontent"
          }
        ]
      }
    },
    {
      "337": {
        "ind1": "\\",
        "ind2": "\\",
        "subfields": [
          {
            "a": "unmediated"
          },
          {
            "b": "n"
          },
          {
            "2": "rdamedia"
          }
        ]
      }
    },
    {
      "338": {
        "ind1": "\\",
        "ind2": "\\",
        "subfields": [
          {
            "a": "volume"
          },
          {
            "b": "nc"
          },
          {
            "2": "rdacarrier"
          }
        ]
      }
    },
    {
      "504": {
        "ind1": "\\",
        "ind2": "\\",
        "subfields": [
          {
            "a": "Includes bibliographical references."
          }
        ]
      }
    },
    {
      "500": {
        "ind1": "\\",
        "ind2": "\\",
        "subfields": [
          {
            "a": "To be kept up to date \"through periodic addition of illustrative and descriptive material.\""
          }
        ]
      }
    },
    {
      "650": {
        "ind1": "\\",
        "ind2": "0",
        "subfields": [
          {
            "a": "Diagnosis, Laboratory."
          }
        ]
      }
    },
    {
      "650": {
        "ind1": "\\",
        "ind2": "0",
        "subfields": [
          {
            "a": "Histology, Pathological."
          }
        ]
      }
    },
    {
      "650": {
        "ind1": "\\",
        "ind2": "0",
        "subfields": [
          {
            "a": "Cancer"
          },
          {
            "x": "Diagnosis."
          }
        ]
      }
    },
    {
      "650": {
        "ind1": "\\",
        "ind2": "2",
        "subfields": [
          {
            "a": "Cells."
          }
        ]
      }
    },
    {
      "650": {
        "ind1": "\\",
        "ind2": "2",
        "subfields": [
          {
            "a": "Cytodiagnosis."
          }
        ]
      }
    },
    {
      "650": {
        "ind1": "\\",
        "ind2": "7",
        "subfields": [
          {
            "a": "Cancer"
          },
          {
            "x": "Diagnosis."
          },
          {
            "2": "fast"
          },
          {
            "0": "(OCoLC)fst00845345"
          }
        ]
      }
    },
    {
      "650": {
        "ind1": "\\",
        "ind2": "7",
        "subfields": [
          {
            "a": "Diagnosis, Laboratory."
          },
          {
            "2": "fast"
          },
          {
            "0": "(OCoLC)fst00892307"
          }
        ]
      }
    },
    {
      "650": {
        "ind1": "\\",
        "ind2": "7",
        "subfields": [
          {
            "a": "Histology, Pathological."
          },
          {
            "2": "fast"
          },
          {
            "0": "(OCoLC)fst00957675"
          }
        ]
      }
    },
    {
      "655": {
        "ind1": "\\",
        "ind2": "2",
        "subfields": [
          {
            "a": "Atlas."
          }
        ]
      }
    },
    {
      "655": {
        "ind1": "\\",
        "ind2": "4",
        "subfields": [
          {
            "a": "Atlases, Pictorial."
          }
        ]
      }
    },
    {
      "655": {
        "ind1": "\\",
        "ind2": "4",
        "subfields": [
          {
            "a": "Laboratory Manuals."
          }
        ]
      }
    },
    {
      "776": {
        "ind1": "0",
        "ind2": "8",
        "subfields": [
          {
            "i": "Online version:"
          },
          {
            "a": "Papanicolaou, George N., 1883-1962."
          },
          {
            "t": "Atlas of exfoliative cytology"
          },
          {
            "w": "(OCoLC)926797599"
          }
        ]
      }
    },
    {
      "029": {
        "ind1": "0",
        "ind2": "\\",
        "subfields": [
          {
            "a": "NLM"
          },
          {
            "b": "12111030R"
          }
        ]
      }
    },
    {
      "029": {
        "ind1": "1",
        "ind2": "\\",
        "subfields": [
          {
            "a": "AU@"
          },
          {
            "b": "000002501698"
          }
        ]
      }
    },
    {
      "029": {
        "ind1": "1",
        "ind2": "\\",
        "subfields": [
          {
            "a": "AU@"
          },
          {
            "b": "000028000459"
          }
        ]
      }
    },
    {
      "029": {
        "ind1": "1",
        "ind2": "\\",
        "subfields": [
          {
            "a": "NLGGC"
          },
          {
            "b": "832260738"
          }
        ]
      }
    },
    {
      "029": {
        "ind1": "1",
        "ind2": "\\",
        "subfields": [
          {
            "a": "NZ1"
          },
          {
            "b": "12991669"
          }
        ]
      }
    },
    {
      "029": {
        "ind1": "1",
        "ind2": "\\",
        "subfields": [
          {
            "a": "ZWZ"
          },
          {
            "b": "016320174"
          }
        ]
      }
    },
    {
      "994": {
        "ind1": "\\",
        "ind2": "\\",
        "subfields": [
          {
            "a": "Z0"
          },
          {
            "b": "NYRVC"
          }
        ]
      }
    },
    {
      "948": {
        "ind1": "\\",
        "ind2": "\\",
        "subfields": [
          {
            "h": "NO HOLDINGS IN NYRVC - 125 OTHER HOLDINGS"
          }
        ]
      }
    },
    {
      "999": {
        "ind1": "\\",
        "ind2": "\\",
        "subfields": [
          {
            "a": "No Barcode"
          },
          {
            "v": "suppl. 1"
          }
        ]
      }
    },
    {
      "999": {
        "ind1": "\\",
        "ind2": "\\",
        "subfields": [
          {
            "a": "No Barcode"
          },
          {
            "v": "suppl. 2"
          }
        ]
      }
    }
  ]
}